<?xml version="1.0" encoding="UTF-8"?><collection xmlns="http://www.loc.gov/MARC21/slim"><record><leader>00472nam--2200181-u-4500</leader><controlfield tag="001">000051399</controlfield><controlfield tag="002">20161230</controlfield><controlfield tag="005">20170103174701</controlfield><controlfield tag="008">080710s1000------------r-----000-0-eng-d</controlfield><datafield ind1=" " ind2=" " tag="040"><subfield code="a">IFIN-HH</subfield></datafield><datafield ind1=" " ind2=" " tag="080"><subfield code="a">51-7</subfield></datafield><datafield ind1="1" ind2=" " tag="100"><subfield code="a">Zeldovich, Ya. B</subfield></datafield><datafield ind1="1" ind2="0" tag="245"><subfield code="a">Elementy Matematicheskoi Fiziki. Sreda iz Nevzaimodeistvuyushchikh Chastits</subfield></datafield><datafield ind1=" " ind2=" " tag="260"><subfield code="a">Moskva</subfield><subfield code="b">Nauka</subfield><subfield code="c">1973</subfield></datafield><datafield ind1=" " ind2=" " tag="300"><subfield code="a">351 p</subfield></datafield><datafield ind1=" " ind2=" " tag="700"><subfield code="a">Myshkis, A. D</subfield></datafield><datafield ind1=" " ind2=" " tag="852"><subfield code="a">76671</subfield><subfield code="c">517</subfield></datafield><datafield ind1=" " ind2=" " tag="CAT"><subfield code="a">SYS</subfield><subfield code="c">20170103</subfield><subfield code="h">174701</subfield></datafield></record></collection>